@book{Crawford05,
author = {Crawford, Lynn and Hobbs, Brian and Turner, J. Rodney},
booktitle = {Newton Square, PA, USA: Project Management},
publisher = {Project Management Institute},
address = {Pennsylvania},
isbn = {1930699387},
title = {{Project Categorization Systems: Aligning Capability with Strategy for Better Results}},
year = {2005}
}
@book{huemann15,
address = {Aldershot},
author = {Huemann, M},
isbn = {9781472452047},
publisher = {Gower},
series = {Gower applied business research},
title = {{Human Resource Management in the Project-Oriented Organization: Towards a Viable System for Project Personnel}},
year = {2015}
}
@book{patzak17,
address = {Wien},
author = {Patzak, Gerold and Rattay, G{\"{u}}nter},
edition = {7.},
publisher = {Linde Verlag Ges.m.b.H.},
title = {{Projektmanagement: Projekte, Projektportfolios, Programme und projektorientierte Unternehmen}},
year = {2017}
}
@incollection{keegan03,
author = {Keegan, Anne E and Turner, John Rodney},
title  = {Managing human resources in the project-based organization},
year   = {2003},
editor      = {Turner, John Rodney},
booktitle   = {People in Project Management},
publisher   = {Gower},
address     = {Aldershot},
chapter     = {1},
}
@misc{OECD17, 
author = {OECD}, 
publisher = {Organisation for Economic Co-operation and Development}, 
title = {Temporary employment},
year = {2018}, 
url = {https://data.oecd.org/emp/temporary-employment.htm},
urldate = {1/8/2018},
}
@book{cleland83,
  title={Systems Analysis and Project Management},
  author={Cleland, D.I. and King, W.R.},
  isbn={9780070113114},
  lccn={82014817},
  series={Management Series},
  year={1983},
  address={New York City},
  publisher={McGraw-Hill}
}
@article{Turner03,
title = "On the nature of the project as a temporary organization",
journal = "International Journal of Project Management",
volume = "21",
number = "1",
pages = "1 - 8",
year = "2003",
issn = "0263-7863",
doi = "https://doi.org/10.1016/S0263-7863(02)00020-0",
author = "Turner, J. Rodney and Müller, Ralf"
}
@book{PMBOK13,
 title = {A Guide To The Project Management Body Of Knowledge (PMBOK Guides)},
 year = {2013},
 isbn = {193069945X, 9781933890517},
 publisher = {Project Management Institute},
 address = {Pennsylvania},
key = {{$\!\!$}} ,
} 
@book{turner10,
  title={Perspectives on Projects},
  author={Turner, J. Rodney and Huemann, M. and Anbari, F. T. and Bredillet, C. N.},
  isbn={9781135848835},
  year={2010},
  publisher={Routledge},
  address={London}
}
@misc{archibald04, 
author = {Archibald, Russel D}, 
title = {A Global System for Categorizing projects: The Need for, Recommended Approach to, Practical Use of, and Description of a Current Project to Develop the System.},
year = {2004}, 
url = {http://www.russarchibald.com/AGLOBALSYSTEM1104.pdf},
urldate = {3/8/2018},
}
@misc{deepl18,
author = {DeepL}, 
title = {Übersetzer},
year = {2018}, 
url = {https://www.deepl.com/translator},
urldate = {3/8/2018},
}
@article{crawford06,
author = {Crawford, Lynn and Hobbs, Brian and Turner, J. R.},
title ={Aligning Capability with Strategy: Categorizing Projects to do the Right Projects and to do Them Right},
journal = {Project Management Journal},
volume = {37},
number = {2},
pages = {38-50},
year = {2006},
doi = {10.1177/875697280603700205},
}
@article{wirth96,
title = "How generic and how industry — specific is the project management profession?",
journal = "International Journal of Project Management",
volume = "14",
number = "1",
pages = "7 - 11",
year = "1996",
issn = "0263-7863",
doi = "https://doi.org/10.1016/0263-7863(95)00042-9",
author = "Itzhak Wirth",
}
@article{turner00,
title = "Editorial",
author = "Turner, J. Rodney",
journal = "International Journal of Project Management",
volume = "18",
number = "1",
pages = "1 - 5",
year = "2000",
issn = "0263-7863",
doi = "https://doi.org/10.1016/S0263-7863(99)00029-0",
}
@book{morris97,
  title={The Management of Projects},
  author={Morris, P. W. G.},
  isbn={9780727725936},
  lccn={94185739},
  year={1997},
  publisher={Telford},
  address={London}
}
@article{soderlund11,
    author = {S\"{o}derlund, Jonas},
    doi = {10.1111/j.1468-2370.2010.00290.x},
    journal = {International Journal of Management Reviews},
    keywords = {crossroads, fragmentation, management, navigating, pluralism, project, specialization},
    number = {2},
    pages = {153--176},
    priority = {3},
    publisher = {Blackwell Publishing Ltd},
    title = {Pluralism in Project Management: Navigating the Crossroads of Specialization and Fragmentation},
    volume = {13},
    year = {2011}
}
@article{turner93,
title = "Goals-and-methods matrix: coping with projects with ill defined goals and/or methods of achieving them",
journal = "International Journal of Project Management",
volume = "11",
number = "2",
pages = "93 - 102",
year = "1993",
issn = "0263-7863",
doi = "https://doi.org/10.1016/0263-7863(93)90017-H",
author = "Turner, J. Rodney and Cochrane, R. A.",
}
@book{maylor17,
  title={Researching Business and Management},
  author={Maylor, H. and Blackmon, K. and Huemann, M.},
  isbn={9780230222120},
  year={2017},
  publisher={Macmillan Education UK},
  address={London}
}
@incollection{inkson09,
author = {Inkson, Kerr },
title  = {The Boundaryless Career},
year   = {2009},
editor      = {Cartwright, Susan and Cooper, Cary L.},
booktitle   = {The Oxford Handbook of Personnel Psychology},
publisher   = {Oxford University Press},
address     = {Oxford},
chapter     = {22},
}
@book{krueger14,
  title={Focus Groups: A Practical Guide for Applied Research},
  author={Krueger, R. A. and Casey, M. A.},
  isbn={9781483365244},
  lccn={1483365247},
  year={2014},
  publisher={SAGE Publications},
  address={London}
}
@book{yin15,
  title={Qualitative Research from Start to Finish, Second Edition},
  author={Yin, R.K.},
  isbn={9781462521364},
  year={2015},
  publisher={Guilford Publications},
  address={New York City}
}
@book{huemann16,
  title= {Rethink! Project Stakeholder Management},
  author={Huemann, Martina and Eskerod, Pernille and Ringhofer, Claudia},
  publisher = {Project Management Institute},
  address = {Pennsylvania},
  year={2016},
}
@misc{harrington15, 
title={Gender imbalance in IT sector growing}, url={http://www.hrmagazine.co.uk/article-details/gender-imbalance-in-it-sector-growing}, 
urldate = {15/8/2018},
author={Harrington, Sian}, 
year={2015},
}
@article{Uchitpe16,
title = "Predicting the Future of Project Management Research",
journal = "Procedia - Social and Behavioral Sciences",
volume = "226",
pages = "27 - 34",
year = "2016",
note = "Proceedings of the 29th IPMA World Congress WC2015 (28-30 September – 1 October, Panama)",
issn = "1877-0428",
doi = "https://doi.org/10.1016/j.sbspro.2016.06.158",
author = "Matthew Uchitpe and Shahadat Uddin and Crawford Lynn",
}